
@article{ganachaud2014,
	title = {The Southwest Pacific Ocean circulation and climate experiment (SPICE)},
	author = {{Ganachaud}, {A.} and {Cravatte}, {S.} and {Melet}, {A.} and {Schiller}, {A.} and {Holbrook}, {N. J.} and {Sloyan}, {B. M.} and {Widlansky}, {M. J.} and {Bowen}, {M.} and {Verron}, {J.} and {Wiles}, {P.} and {Ridgway}, {K.} and {Sutton}, {P.} and {Sprintall}, {J.} and {Steinberg}, {C.} and {Brassington}, {G.} and {Cai}, {W.} and {Davis}, {R.} and {Gasparin}, {F.} and {Gourdeau}, {L.} and {Hasegawa}, {T.} and {Kessler}, {W.} and {Maes}, {C.} and {Takahashi}, {K.} and {Richards}, {K. J.} and {Send}, {U.}},
	year = {2014},
	date = {2014},
	journal = {Journal of Geophysical Research: Oceans},
	pages = {7660--7686},
	volume = {119},
	number = {11},
	doi = {10.1002/2013JC009678},
	url = {https://onlinelibrary.wiley.com/doi/abs/10.1002/2013JC009678},
	note = {{\_}eprint: https://onlinelibrary.wiley.com/doi/pdf/10.1002/2013JC009678},
	langid = {en}
}

@article{ganachaud2014a,
	title = {The Southwest Pacific Ocean circulation and climate experiment (SPICE)},
	author = {{Ganachaud}, {A.} and {Cravatte}, {S.} and {Melet}, {A.} and {Schiller}, {A.} and {Holbrook}, {N. J.} and {Sloyan}, {B. M.} and {Widlansky}, {M. J.} and {Bowen}, {M.} and {Verron}, {J.} and {Wiles}, {P.} and {Ridgway}, {K.} and {Sutton}, {P.} and {Sprintall}, {J.} and {Steinberg}, {C.} and {Brassington}, {G.} and {Cai}, {W.} and {Davis}, {R.} and {Gasparin}, {F.} and {Gourdeau}, {L.} and {Hasegawa}, {T.} and {Kessler}, {W.} and {Maes}, {C.} and {Takahashi}, {K.} and {Richards}, {K. J.} and {Send}, {U.}},
	year = {2014},
	date = {2014},
	journal = {Journal of Geophysical Research: Oceans},
	pages = {7660--7686},
	volume = {119},
	number = {11},
	doi = {10.1002/2013JC009678},
	url = {https://onlinelibrary.wiley.com/doi/abs/10.1002/2013JC009678},
	note = {{\_}eprint: https://onlinelibrary.wiley.com/doi/pdf/10.1002/2013JC009678},
	langid = {en}
}

@article{kessler2013,
	title = {Mean circulation of the Coral Sea},
	author = {{Kessler}, {William S.} and {Cravatte}, {Sophie}},
	year = {2013},
	date = {2013},
	journal = {Journal of Geophysical Research: Oceans},
	pages = {6385--6410},
	volume = {118},
	number = {12},
	doi = {10.1002/2013JC009117},
	url = {https://onlinelibrary.wiley.com/doi/abs/10.1002/2013JC009117},
	note = {{\_}eprint: https://onlinelibrary.wiley.com/doi/pdf/10.1002/2013JC009117},
	langid = {en}
}

@article{oke2019,
	title = {Revisiting the circulation of the East Australian Current: Its path, separation, and eddy field},
	author = {{Oke}, {Peter R.} and {Roughan}, {Moninya} and {Cetina-Heredia}, {Paulina} and {Pilo}, {Gabriela S.} and {Ridgway}, {Kenneth R.} and {Rykova}, {Tatiana} and {Archer}, {Matthew R.} and {Coleman}, {Richard C.} and {Kerry}, {Colette G.} and {Rocha}, {Carlos} and {Schaeffer}, {Amandine} and {Vitarelli}, {Eduardo}},
	year = {2019},
	month = {09},
	date = {2019-09-01},
	journal = {Progress in Oceanography},
	pages = {102139},
	volume = {176},
	doi = {10.1016/j.pocean.2019.102139},
	url = {https://www.sciencedirect.com/science/article/pii/S0079661118301745},
	langid = {en}
}

@article{ridgway2003a,
	title = {Mesoscale structure of the mean East Australian Current System and its relationship with topography},
	author = {{Ridgway}, {K. R} and {Dunn}, {J. R}},
	year = {2003},
	month = {02},
	date = {2003-02-01},
	journal = {Progress in Oceanography},
	pages = {189--222},
	volume = {56},
	number = {2},
	doi = {10.1016/S0079-6611(03)00004-1},
	url = {https://www.sciencedirect.com/science/article/pii/S0079661103000041},
	langid = {en}
}

@article{mata2006,
	title = {Eddy shedding and energy conversions in the East Australian Current},
	author = {{Mata}, {Mauricio M.} and {Wijffels}, {Susan E.} and {Church}, {John A.} and {Tomczak}, {Matthias}},
	year = {2006},
	date = {2006},
	journal = {Journal of Geophysical Research: Oceans},
	volume = {111},
	number = {C9},
	doi = {10.1029/2006JC003592},
	url = {https://onlinelibrary.wiley.com/doi/abs/10.1029/2006JC003592},
	note = {{\_}eprint: https://onlinelibrary.wiley.com/doi/pdf/10.1029/2006JC003592},
	langid = {en}
}

@article{foster2014,
	title = {Twenty Years of High-Resolution Sea Surface Temperature Imagery around Australia: Inter-Annual and Annual Variability},
	author = {{Foster}, {Scott D.} and {Griffin}, {David A.} and {Dunstan}, {Piers K.}},
	year = {2014},
	month = {07},
	date = {2014-07-02},
	journal = {PLOS ONE},
	pages = {e100762},
	volume = {9},
	number = {7},
	doi = {10.1371/journal.pone.0100762},
	url = {https://journals.plos.org/plosone/article?id=10.1371/journal.pone.0100762},
	note = {Publisher: Public Library of Science},
	langid = {en}
}

@article{cresswell1990a,
	title = {The Leeuwin current},
	author = {{Cresswell}, {George}},
	year = {1990},
	date = {1990},
	journal = {Corella},
	volume = {14},
	number = {4}
}

@article{oke2019a,
	title = {A search for the Tasman Front},
	author = {{Oke}, {Peter R.} and {Pilo}, {Gabriela S.} and {Ridgway}, {Ken} and {Kiss}, {Andrew} and {Rykova}, {Tatiana}},
	year = {2019},
	month = {11},
	date = {2019-11-01},
	journal = {Journal of Marine Systems},
	pages = {103217},
	volume = {199},
	doi = {10.1016/j.jmarsys.2019.103217},
	url = {https://www.sciencedirect.com/science/article/pii/S0924796319300259},
	langid = {en}
}

@article{oke2000,
	title = {Topographically Induced Upwelling off Eastern Australia},
	author = {{Oke}, {Peter R.} and {Middleton}, {Jason H.}},
	year = {2000},
	month = {03},
	date = {2000-03-01},
	journal = {Journal of Physical Oceanography},
	pages = {512--531},
	volume = {30},
	number = {3},
	doi = {10.1175/1520-0485(2000)030<0512:TIUOEA>2.0.CO;2},
	url = {https://journals.ametsoc.org/view/journals/phoc/30/3/1520-0485_2000_030_0512_tiuoea_2.0.co_2.xml},
	note = {Publisher: American Meteorological Society
Section: Journal of Physical Oceanography},
	langid = {EN}
}

@article{barbet-massin2014,
	title = {A 40-year, continent-wide, multispecies assessment of relevant climate predictors for species distribution modelling},
	author = {{Barbet-Massin}, {Morgane} and {Jetz}, {Walter}},
	year = {2014},
	date = {2014},
	journal = {Diversity and Distributions},
	pages = {1285--1295},
	volume = {20},
	number = {11},
	doi = {10.1111/ddi.12229},
	url = {https://onlinelibrary.wiley.com/doi/abs/10.1111/ddi.12229},
	note = {{\_}eprint: https://onlinelibrary.wiley.com/doi/pdf/10.1111/ddi.12229},
	langid = {en}
}

@article{tremblay2009,
	title = {Analytical approaches to investigating seabird--environment interactions: a review},
	author = {{Tremblay}, {Y} and {Bertrand}, {S} and {Henry}, {Rw} and {Kappes}, {Ma} and {Costa}, {Dp} and {Shaffer}, {Sa}},
	year = {2009},
	month = {09},
	date = {2009-09-28},
	journal = {Marine Ecology Progress Series},
	pages = {153--163},
	volume = {391},
	doi = {10.3354/meps08146},
	url = {http://www.int-res.com/abstracts/meps/v391/p153-163/},
	langid = {en}
}

@article{weimerskirch2007,
	title = {Are seabirds foraging for unpredictable resources?},
	author = {{Weimerskirch}, {Henri}},
	year = {2007},
	month = {02},
	date = {2007-02},
	journal = {Deep Sea Research Part II: Topical Studies in Oceanography},
	pages = {211--223},
	volume = {54},
	number = {3-4},
	doi = {10.1016/j.dsr2.2006.11.013},
	url = {https://linkinghub.elsevier.com/retrieve/pii/S0967064507000057},
	langid = {en}
}

@article{scales2014,
	title = {On the Front Line: frontal zones as priority at-sea conservation areas for mobile marine vertebrates},
	author = {{Scales}, {Kylie L.} and {Miller}, {Peter I.} and {Hawkes}, {Lucy A.} and {Ingram}, {Simon N.} and {Sims}, {David W.} and {Votier}, {Stephen C.}},
	year = {2014},
	date = {2014},
	journal = {Journal of Applied Ecology},
	pages = {1575--1583},
	volume = {51},
	number = {6},
	doi = {10.1111/1365-2664.12330},
	url = {https://onlinelibrary.wiley.com/doi/abs/10.1111/1365-2664.12330},
	note = {{\_}eprint: https://onlinelibrary.wiley.com/doi/pdf/10.1111/1365-2664.12330},
	langid = {en}
}

@article{scales2014a,
	title = {Mesoscale fronts as foraging habitats: composite front mapping reveals oceanographic drivers of habitat use for a pelagic seabird},
	author = {{Scales}, {Kylie L.} and {Miller}, {Peter I.} and {Embling}, {Clare B.} and {Ingram}, {Simon N.} and {Pirotta}, {Enrico} and {Votier}, {Stephen C.}},
	year = {2014},
	month = {11},
	date = {2014-11-06},
	journal = {Journal of The Royal Society Interface},
	pages = {20140679},
	volume = {11},
	number = {100},
	doi = {10.1098/rsif.2014.0679},
	url = {https://royalsocietypublishing.org/doi/10.1098/rsif.2014.0679},
	langid = {en}
}

@article{burrows2011,
	title = {The Pace of Shifting Climate in Marine and Terrestrial Ecosystems},
	author = {{Burrows}, {Michael T.} and {Schoeman}, {David S.} and {Buckley}, {Lauren B.} and {Moore}, {Pippa} and {Poloczanska}, {Elvira S.} and {Brander}, {Keith M.} and {Brown}, {Chris} and {Bruno}, {John F.} and {Duarte}, {Carlos M.} and {Halpern}, {Benjamin S.} and {Holding}, {Johnna} and {Kappel}, {Carrie V.} and {Kiessling}, {Wolfgang} and {O{\textquoteright}Connor}, {Mary I.} and {Pandolfi}, {John M.} and {Parmesan}, {Camille} and {Schwing}, {Franklin B.} and {Sydeman}, {William J.} and {Richardson}, {Anthony J.}},
	year = {2011},
	month = {11},
	date = {2011-11-04},
	journal = {Science},
	pages = {652--655},
	volume = {334},
	number = {6056},
	doi = {10.1126/science.1210288},
	url = {https://www.science.org/doi/10.1126/science.1210288},
	langid = {en}
}


@book{biology2002,
	title = {Biology of marine birds},
	editor = {{Schreiber}, {Elizabeth Anne} and {Burger}, {Joanna}},
	year = {2002},
	date = {2002},
	publisher = {CRC Press},
	series = {CRC marine biology series},
	note = {OCLC: 248375933},
	address = {Boca Raton, Fla.},
	langid = {en}
}

@article{woolley2020,
	title = {Bioregions in Marine Environments: Combining Biological and Environmental Data for Management and Scientific Understanding},
	author = {{Woolley}, {Skipton N C} and {Foster}, {Scott D} and {Bax}, {Nicholas J} and {Currie}, {Jock C} and {Dunn}, {Daniel C} and {Hansen}, {Cecilie} and {Hill}, {Nicole} and {O{\textquoteright}Hara}, {Timothy D} and {Ovaskainen}, {Otso} and {Sayre}, {Roger} and {Vanhatalo}, {Jarno P} and {Dunstan}, {Piers K}},
	year = {2020},
	month = {01},
	date = {2020-01-01},
	journal = {BioScience},
	pages = {48--59},
	volume = {70},
	number = {1},
	doi = {10.1093/biosci/biz133},
	url = {https://doi.org/10.1093/biosci/biz133}
}

@article{foster2013,
	title = {Modelling biological regions from multi-species and environmental data: MODELLING REGIONS OF COMMON PROFILES},
	author = {{Foster}, {S.D.} and {Givens}, {G.H.} and {Dornan}, {G.J.} and {Dunstan}, {P.K.} and {Darnell}, {R.}},
	year = {2013},
	month = {11},
	date = {2013-11},
	journal = {Environmetrics},
	pages = {489--499},
	volume = {24},
	number = {7},
	doi = {10.1002/env.2245},
	url = {https://onlinelibrary.wiley.com/doi/10.1002/env.2245},
	langid = {en}
}

@article{foster2017,
	title = {Ecological grouping of survey sites when sampling artefacts are present},
	author = {{Foster}, {Scott D.} and {Hill}, {Nicole A.} and {Lyons}, {Mitchell}},
	year = {2017},
	date = {2017},
	journal = {Journal of the Royal Statistical Society: Series C (Applied Statistics)},
	pages = {1031--1047},
	volume = {66},
	number = {5},
	doi = {10.1111/rssc.12211},
	url = {https://rss.onlinelibrary.wiley.com/doi/abs/10.1111/rssc.12211},
	note = {{\_}eprint: https://rss.onlinelibrary.wiley.com/doi/pdf/10.1111/rssc.12211},
	langid = {en}
}

@article{hill2020,
	title = {Determining marine bioregions: A comparison of quantitative approaches},
	author = {{Hill}, {Nicole} and {Woolley}, {Skipton N. C.} and {Foster}, {Scott} and {Dunstan}, {Piers K.} and {McKinlay}, {John} and {Ovaskainen}, {Otso} and {Johnson}, {Craig}},
	year = {2020},
	date = {2020},
	journal = {Methods in Ecology and Evolution},
	pages = {1258--1272},
	volume = {11},
	number = {10},
	doi = {10.1111/2041-210X.13447},
	url = {https://besjournals.onlinelibrary.wiley.com/doi/abs/10.1111/2041-210X.13447},
	note = {{\_}eprint: https://besjournals.onlinelibrary.wiley.com/doi/pdf/10.1111/2041-210X.13447},
	langid = {en}
}

@article{warton2015,
	title = {Model-based thinking for community ecology},
	author = {{Warton}, {David I.} and {Foster}, {Scott D.} and {De{\textquoteright}ath}, {Glenn} and {Stoklosa}, {Jakub} and {Dunstan}, {Piers K.}},
	year = {2015},
	month = {05},
	date = {2015-05-01},
	journal = {Plant Ecology},
	pages = {669--682},
	volume = {216},
	number = {5},
	doi = {10.1007/s11258-014-0366-3},
	url = {https://doi.org/10.1007/s11258-014-0366-3},
	langid = {en}
}

@article{dormann2013,
	title = {Collinearity: a review of methods to deal with it and a simulation study evaluating their performance},
	author = {{Dormann}, {Carsten F.} and {Elith}, {Jane} and {Bacher}, {Sven} and {Buchmann}, {Carsten} and {Carl}, {Gudrun} and {Carré}, {Gabriel} and {Marquéz}, {Jaime R. García} and {Gruber}, {Bernd} and {Lafourcade}, {Bruno} and {Leitão}, {Pedro J.} and {Münkemüller}, {Tamara} and {McClean}, {Colin} and {Osborne}, {Patrick E.} and {Reineking}, {Björn} and {Schröder}, {Boris} and {Skidmore}, {Andrew K.} and {Zurell}, {Damaris} and {Lautenbach}, {Sven}},
	year = {2013},
	date = {2013},
	journal = {Ecography},
	pages = {27--46},
	volume = {36},
	number = {1},
	doi = {10.1111/j.1600-0587.2012.07348.x},
	url = {https://onlinelibrary.wiley.com/doi/abs/10.1111/j.1600-0587.2012.07348.x},
	note = {{\_}eprint: https://onlinelibrary.wiley.com/doi/pdf/10.1111/j.1600-0587.2012.07348.x},
	langid = {en}
}

@article{dunstan2013,
	title = {Finite Mixture of Regression Modeling for High-Dimensional Count and Biomass Data in Ecology},
	author = {{Dunstan}, {Piers K.} and {Foster}, {Scott D.} and {Hui}, {Francis K. C.} and {Warton}, {David I.}},
	year = {2013},
	month = {09},
	date = {2013-09-01},
	journal = {Journal of Agricultural, Biological, and Environmental Statistics},
	pages = {357--375},
	volume = {18},
	number = {3},
	doi = {10.1007/s13253-013-0146-x},
	url = {https://doi.org/10.1007/s13253-013-0146-x},
	langid = {en}
}

@article{ponti2023,
	title = {The importance of including phenology when modelling species ecological niche},
	author = {{Ponti}, {Raquel} and {Sannolo}, {Marco}},
	year = {2023},
	date = {2023},
	journal = {Ecography},
	pages = {e06143},
	volume = {2023},
	number = {4},
	doi = {10.1111/ecog.06143},
	url = {https://onlinelibrary.wiley.com/doi/abs/10.1111/ecog.06143},
	note = {{\_}eprint: https://onlinelibrary.wiley.com/doi/pdf/10.1111/ecog.06143},
	langid = {en}
}

@article{reid2023,
	title = {An ecological risk assessment for the impacts of offshore wind farms on birds in Australia},
	author = {{Reid}, {Keith} and {Baker}, {G. Barry} and {Woehler}, {Eric J.}},
	year = {2023},
	date = {2023},
	journal = {Austral Ecology},
	pages = {418--439},
	volume = {48},
	number = {2},
	doi = {10.1111/aec.13278},
	url = {https://onlinelibrary.wiley.com/doi/abs/10.1111/aec.13278},
	note = {{\_}eprint: https://onlinelibrary.wiley.com/doi/pdf/10.1111/aec.13278},
	langid = {en}
}

@article{hsieh2016,
	title = {iNEXT: an R package for rarefaction and extrapolation of species diversity (Hill numbers)},
	author = {{Hsieh}, {T. C.} and {Ma}, {K. H.} and {Chao}, {Anne}},
	year = {2016},
	date = {2016},
	journal = {Methods in Ecology and Evolution},
	pages = {1451--1456},
	volume = {7},
	number = {12},
	doi = {https://doi.org/10.1111/2041-210X.12613},
	url = {https://besjournals.onlinelibrary.wiley.com/doi/abs/10.1111/2041-210X.12613},
	note = {{\_}eprint: https://besjournals.onlinelibrary.wiley.com/doi/pdf/10.1111/2041-210X.12613},
	langid = {en}
}

@article{chao2014,
	title = {Unifying Species Diversity, Phylogenetic Diversity, Functional Diversity, and Related Similarity and Differentiation Measures Through Hill Numbers},
	author = {{Chao}, {Anne} and {Chiu}, {Chun-Huo} and {Jost}, {Lou}},
	year = {2014},
	month = {11},
	date = {2014-11-23},
	journal = {Annual Review of Ecology, Evolution, and Systematics},
	pages = {297--324},
	volume = {45},
	number = {1},
	doi = {10.1146/annurev-ecolsys-120213-091540},
	url = {http://www.annualreviews.org/doi/10.1146/annurev-ecolsys-120213-091540},
	langid = {en}
}
